<?xml version='1.0' encoding='utf-8'?>
<record xmlns="http://www.loc.gov/MARC21/slim" xmlns:xsi="http://www.w3.org/2001/XMLSchema-instance">
  <leader>00000cemaa2200229^a^4500</leader>
  <controlfield tag="001">012810382</controlfield>
  <controlfield tag="005">20140325100326.0</controlfield>
  <controlfield tag="007">aj|canzn</controlfield>
  <controlfield tag="008">131029s1828^^^^miu^^^^^^^a^^^s^0^^^eng^d</controlfield>
  <datafield tag="035" ind1=" " ind2=" ">
    <subfield code="a">(OCoLC)861698710</subfield>
  </datafield>
  <datafield tag="035" ind1=" " ind2=" ">
    <subfield code="a">(OCoLC)ocn861698710</subfield>
  </datafield>
  <datafield tag="040" ind1=" " ind2=" ">
    <subfield code="a">EHL</subfield>
    <subfield code="c">EHL</subfield>
    <subfield code="e">appm</subfield>
    <subfield code="d">EHL</subfield>
    <subfield code="d">OCLCO</subfield>
    <subfield code="d">MiU-H</subfield>
  </datafield>
  <datafield tag="100" ind1="1" ind2=" ">
    <subfield code="a">Mullett, John,</subfield>
    <subfield code="d">1786-1862.</subfield>
  </datafield>
  <datafield tag="245" ind1="1" ind2="0">
    <subfield code="a">[Map of] Mackinac Island, Shewing [sic] the Surveys of Private Claims</subfield>
    <subfield code="h">[electronic resource],</subfield>
    <subfield code="f">1828.</subfield>
  </datafield>
  <datafield tag="300" ind1=" " ind2=" ">
    <subfield code="a">1 Ov. folder :</subfield>
    <subfield code="b">ill.</subfield>
  </datafield>
  <datafield tag="520" ind1="2" ind2=" ">
    <subfield code="a">Hand drawn, paper survey map of Mackinac Island showing surveys, land patents, 1828 by J. Mullett, 1828. Scale 10 chains to 1 inch. The map identifies Military Reserve, Arch Rock, Robertson's Folly Rock, Mission House, Fort, Little Rock, and what are now the downtown areas. In the upper right is a list of lot and land patent numbers and 15 names of owners with the number of acres each owns. Note in pencil: 1 chain=66 feet; Note in pink ink: The rod numbers refer to the confirmation by the old Board of Commissioners. The map is signed on lower left by George Truscott. The map measures 21 x 22 inches. It is missing the upper right corner. The map suffers from cracks, tears, foxing, and acid stains, mostly from scotch tape on the back. On the back in pencil is the notation, Old Map Mackinac.</subfield>
  </datafield>
  <datafield tag="545" ind1="0" ind2=" ">
    <subfield code="a">J. Mullett must be John Mullett, 1786-1862, a surveyor of many counties, cities, and areas in Mich. George Trustcott, born 1824 in Devon, England, married Sophia Bates, and eventually owned a green house and store on Mackinac Island. (Truscott information from ancestry.com, viewed Oct. 29, 2013.)</subfield>
  </datafield>
  <datafield tag="535" ind1="1" ind2=" ">
    <subfield code="3">Original:</subfield>
    <subfield code="a">Clarke Historical Library, Central Michigan University, Mount Pleasant, Michigan.</subfield>
  </datafield>
  <datafield tag="600" ind1="1" ind2="0">
    <subfield code="a">Mullett, John,</subfield>
    <subfield code="d">1786-1862.</subfield>
  </datafield>
  <datafield tag="600" ind1="1" ind2="0">
    <subfield code="a">Trustcott, George,</subfield>
    <subfield code="d">1824-</subfield>
  </datafield>
  <datafield tag="651" ind1=" " ind2="0">
    <subfield code="a">Mackinac Island (Mich. : Island)</subfield>
    <subfield code="x">History.</subfield>
  </datafield>
  <datafield tag="651" ind1=" " ind2="0">
    <subfield code="a">Mackinac Island (Mich. : Island)</subfield>
    <subfield code="v">Maps.</subfield>
  </datafield>
  <datafield tag="852" ind1="8" ind2=" ">
    <subfield code="a">MiU-H</subfield>
    <subfield code="b">BENT</subfield>
    <subfield code="h">2014040 Aa 3</subfield>
  </datafield>
  <datafield tag="997" ind1=" " ind2=" ">
    <subfield code="a">MARS</subfield>
  </datafield>
  <datafield tag="998" ind1=" " ind2=" ">
    <subfield code="c">lac</subfield>
  </datafield>
  <datafield tag="SID" ind1=" " ind2=" ">
    <subfield code="a">Z39</subfield>
    <subfield code="b">OCLC_BIB</subfield>
  </datafield>
  <datafield tag="955" ind1=" " ind2=" ">
    <subfield code="b">BENT</subfield>
    <subfield code="p">B6426098</subfield>
  </datafield>
</record>
